@article{fh2o_first_sep,
    author = {Li, Jun and Dawes, Richard and Guo, Hua},
    journal = {The Journal of Chemical Physics},
    volume = {137},
    number = {9},
    pages = {094304},
    year = {2012},
    month = {09},
    issn = {0021-9606},
    doi = {10.1063/1.4748857}
}

@article{fh2o_sep_fortran_module,
    author = {Li, Jun and Jiang, Bin and Guo, Hua},
    year = {2013},
    month = {11},
    pages = {204103},
    volume = {13910},
    journal = {The Journal of Chemical Physics},
    doi = {10.1063/1.4832697}
}

@book{calculo_numerico_aplicado,
  title={C{\'a}lculo Num{\'e}rico Aplicado},
  author={Vargas, J.V.C. and Araki, L.K.},
  isbn={9788520445785},
  year={2016},
  publisher={MANOLE}
}
@book{calculo_1,
  title={C{\'A}LCULO VOLUME 1 - TRADU{\c{C}}{\~A}O DA 6{\textsuperscript{a}} EDI{\c{C}}{\~A}O NORTE-AMERICANA.},
  author={Stewart, J.},
  isbn={9788522109685},
  year={2010},
  publisher={Cengage Learning Edi{\c{c}}{\~o}es Ltda.}
}

